@ARTICLE{calculus,
   author = {{Hogg}, D.~W.},
    title = "{Data analysis recipes: Probability calculus for inference}",
  journal = {ArXiv e-prints},
archivePrefix = "arXiv",
   eprint = {1205.4446},
 primaryClass = "physics.data-an",
 keywords = {Physics - Data Analysis, Statistics and Probability, Astrophysics - Instrumentation and Methods for Astrophysics},
     year = 2012,
    month = may,
   adsurl = {http://adsabs.harvard.edu/abs/2012arXiv1205.4446H},
  adsnote = {Provided by the SAO/NASA Astrophysics Data System}
}

@ARTICLE{michalik,
   author = {{Michalik}, D. and {Lindegren}, L. and {Hobbs}, D.},
    title = "{The Tycho-Gaia astrometric solution . How to get 2.5 million parallaxes with less than one year of Gaia data}",
  journal = {\aap},
archivePrefix = "arXiv",
   eprint = {1412.8770},
 primaryClass = "astro-ph.IM",
 keywords = {astrometry, methods: data analysis, methods: numerical, space vehicles: instruments, parallaxes, proper motions},
     year = 2015,
    month = feb,
   volume = 574,
      eid = {A115},
    pages = {A115},
      doi = {10.1051/0004-6361/201425310},
   adsurl = {http://adsabs.harvard.edu/abs/2015A&A...574A.115M},
  adsnote = {Provided by the SAO/NASA Astrophysics Data System}
}

@ARTICLE{tri3,
   author = {{Astraatmadja}, T.~L. and {Bailer-Jones}, C.~A.~L.},
    title = "{Estimating Distances from Parallaxes. III. Distances of Two Million Stars in the Gaia DR1 Catalogue}",
  journal = {\apj},
archivePrefix = "arXiv",
   eprint = {1609.07369},
 keywords = {catalogs, methods: data analysis, methods: statistical, parallaxes, stars: distances, surveys},
     year = 2016,
    month = dec,
   volume = 833,
      eid = {119},
    pages = {119},
      doi = {10.3847/1538-4357/833/1/119},
   adsurl = {http://adsabs.harvard.edu/abs/2016ApJ...833..119A},
  adsnote = {Provided by the SAO/NASA Astrophysics Data System}
}

@ARTICLE{hawkins,
   author = {{Hawkins}, K. and {Leistedt}, B. and {Bovy}, J. and {Hogg}, D.~W.
	},
    title = "{Red clump stars and Gaia: calibration of the standard candle using a hierarchical probabilistic model}",
  journal = {\mnras},
archivePrefix = "arXiv",
   eprint = {1705.08988},
 keywords = {Stars: distances, Stars: fundamental parameters, Stars: statistics},
     year = 2017,
    month = oct,
   volume = 471,
    pages = {722-729},
      doi = {10.1093/mnras/stx1655},
   adsurl = {http://adsabs.harvard.edu/abs/2017MNRAS.471..722H},
  adsnote = {Provided by the SAO/NASA Astrophysics Data System}
}

@ARTICLE{sesar,
   author = {{Sesar}, B. and {Fouesneau}, M. and {Price-Whelan}, A.~M. and 
	{Bailer-Jones}, C.~A.~L. and {Gould}, A. and {Rix}, H.-W.},
    title = "{A Probabilistic Approach to Fitting Period-luminosity Relations and Validating Gaia Parallaxes}",
  journal = {\apj},
archivePrefix = "arXiv",
   eprint = {1611.07035},
 keywords = {methods: data analysis, methods: statistical, parallaxes, stars: variables: RR Lyrae},
     year = 2017,
    month = apr,
   volume = 838,
      eid = {107},
    pages = {107},
      doi = {10.3847/1538-4357/aa643b},
   adsurl = {http://adsabs.harvard.edu/abs/2017ApJ...838..107S},
  adsnote = {Provided by the SAO/NASA Astrophysics Data System}
}

@ARTICLE{brewer,
   author = {{Brewer}, B.~J. and {Foreman-Mackey}, D. and {Hogg}, D.~W.},
    title = "{Probabilistic Catalogs for Crowded Stellar Fields}",
  journal = {\aj},
archivePrefix = "arXiv",
   eprint = {1211.5805},
 primaryClass = "astro-ph.IM",
 keywords = {catalogs, methods: data analysis, methods: statistical, stars: luminosity function, mass function },
     year = 2013,
    month = jul,
   volume = 146,
      eid = {7},
    pages = {7},
      doi = {10.1088/0004-6256/146/1/7},
   adsurl = {http://adsabs.harvard.edu/abs/2013AJ....146....7B},
  adsnote = {Provided by the SAO/NASA Astrophysics Data System}
}

